@inproceedings{jones:nfm17,
  author    = {Benjamin F. Jones and Lee Pike},
  title     = {Modular Model-Checking of a Byzantine Fault-Tolerant Protocol},
  booktitle = {Proceedings of the 9th NASA Formal Methods Symposium (NFM)},
  year      = {2017},
  publisher = {Lecture Notes in Computer Science},
  note      = {Available at \url{http://www.cs.indiana.edu/~lepike/pub_pages/nfm17.html}.}
}

@Misc{radl,
  OPTkey =       {},
  author =    {N. Shankar},
  title =     {High-Assurance Cyber-Physical Systems},
  howpublished = {Layered Assurance Workshop (LAW) presentation.},
  OPTmonth =     {},
  year =      {2014},
  note =      {Available at \url{https://www.acsac.org/2014/workshops/law/Shankar_LAW2014.pdf}},
  OPTannote =    {}
}

@Misc{arinc653,
  OPTkey =       {},
  author =    {{Aeronautical Radio, Inc.}},
  title =     {Avionics Application Software Standard Interface: {ARINC} Specification 653},
  howpublished = {Online},
  month =     {June},
  year =      {2013},
  OPTnote =      {},
  OPTannote =    {}
}

@inproceedings{sally,
  author    = {Dejan Jovanovic and
               Bruno Dutertre},
  title     = {Property-directed k-induction},
  booktitle = {2016 Formal Methods in Computer-Aided Design, {FMCAD} 2016, Mountain
               View, CA, USA, October 3-6, 2016},
  pages     = {85--92},
  year      = {2016}
}


@inproceedings{Chakravarty:2011:AHA:1926354.1926358,
 author = {Chakravarty, Manuel M.T. and Keller, Gabriele and Lee, Sean and McDonell, Trevor L. and Grover, Vinod},
 title = {Accelerating Haskell Array Codes with Multicore GPUs},
 booktitle = {Proceedings of the Sixth Workshop on Declarative Aspects of Multicore Programming},
 series = {DAMP '11},
 year = {2011},
 pages = {3--14},
 numpages = {12},
 publisher = {ACM}
}

@inproceedings{ivory-15,
  author    = {Trevor Elliott and
               Lee Pike and
               Simon Winwood and
               Pat Hickey and
               James Bielman and
               Jamey Sharp and
               Eric Seidel and
               John Launchbury},
  title     = {Guilt Free Ivory},
  booktitle = {Haskell Symposium},
  publisher = {ACM},
  year      = {2015},
  note      = {Available at \url{http://www.cs.indiana.edu/~lepike/pub_pages/ivory.html}}}


@Misc{scade,
	OPTkey = 			 {},
	author = 	 {{Esterel Technologies}},
	title = 		 {SCADE},
	howpublished = {Website},
	OPTmonth = 		 {},
	year = 		 {2015},
	note = 		 {\url{http://www.esterel-technologies.com/products/scade-system/}},
	OPTannote = 	 {}
}

@inproceedings{pike-afm,
  author    = {Lee Pike},
	  title     = {Model checking for the practical verificationist: a user's perspective on {SAL}},
		  booktitle = {Proceedings of the Automated Formal Methods Workshop (AFM07)},
			  year      = {2007},
				  publisher = {ACM Press},
					  note      = {Available at \url{http://www.cs.indiana.edu/~lepike/pub_pages/afm07.html}}}

@InProceedings{brown_pike_06,
  author =    {Geoffrey M. Brown and Lee Pike},
	  title =     {Easy parameterized verification of biphase mark and {8N1} protocols},
		  booktitle = {The Proceedings of the 12th International Conference on Tools and the
			               Construction of Algorithms ({TACAS'06})},
										   year =      {2006},
											   publisher = {Springer},
												   series    = {Lecture Notes in Computer Science},
													   volume    = {3920},
														   pages =     {58--72},
															   note =      {Available at \url{http://www.cs.indiana.edu/~lepike/pub_pages/bmp.html}}}

@inproceedings{pike_johnson:emsoft,
  author = {Lee Pike and Steven D. Johnson},
	  title = {The formal verification of a reintegration protocol},
		  booktitle = {EMSOFT '05: Proceedings of the 5th ACM international conference on Embedded software},
			  year = {2005},
				  pages = {286--289},
					  location = {Jersey City, NJ, USA},
						  publisher = {ACM Press},
							  address = {New York, NY, USA},
								  note = {Available at \url{http://www.cs.indiana.edu/~lepike/pub_pages/emsoft.html}}}

@inproceedings{nusmv,
 author = {Cimatti, Alessandro and Clarke, Edmund M. and Giunchiglia, Fausto and Roveri, Marco},
  title = {NUSMV: A New Symbolic Model Verifier},
	 booktitle = {International Conference on Computer Aided Verification (CAV)},
		 year = {1999},
			 pages = {495--499},
					 publisher = {Springer}
						}

@Inbook{distalgo2,
author="Liu, Yanhong A.
and Stoller, Scott D.
and Lin, Bo",
editor="Richa, Andr{\'e}a W.
and Scheideler, Christian",
title="High-Level Executable Specifications of Distributed Algorithms",
bookTitle="Stabilization, Safety, and Security of Distributed Systems: 14th International Symposium, SSS 2012, Toronto, Canada, October 1-4, 2012. Proceedings",
year="2012",
publisher="Springer Berlin Heidelberg",
pages="95--110"
}

@inproceedings{distalgo,
author = "Yanhong A. Liu and Bo Lin and Scott D. Stoller",
title = "Programming and Optimizing Distributed Algorithms: An Overview",
booktitle="Proc.\ 8th International Conference \& Expo on Emerging Technologies for a Smarter World (CEWIT 2011)",
publisher="IEEE Press",
month=nov,
year=2011,
}

@article{Solar,
 author = {Solar-Lezama, Armando and Tancau, Liviu and Bodik, Rastislav and Seshia, Sanjit and Saraswat, Vijay},
 title = {Combinatorial Sketching for Finite Programs},
 journal = {SIGOPS Oper. Syst. Rev.},
 issue_date = {December 2006},
 volume = {40},
 number = {5},
 month = oct,
 year = {2006},
 publisher = {ACM}
}

@InProceedings{BloemBJ16,
  author        = {Roderick Bloem and Nicolas Braud-Santoni and Swen Jacobs},
  title         = {Synthesis of Self-Stabilizing and Byzantine-Resilient Distributed Systems},
  booktitle     = {{CAV}},
  series        = {LNCS},
  year          = 2016,
  note        = "to appear"
}

@MISC{mjrty,
    author = {Robert S. Boyer and Robert S. Boyer and J Strother Moore and J Strother Moore},
    title = {MJRTY - A Fast Majority Vote Algorithm},
    year = {1982}
}

@Misc{jcsp,
	key = 			 {jcsp},
	OPTauthor = 	 {},
	title = 		 {Communicating Sequential Processes for Java {(JCSP)}},
	howpublished = {Website},
	OPTmonth = 		 {},
	year = 		 {2015},
	note = 		 {\url{http://www.cs.kent.ac.uk/projects/ofa/jcsp/}},
	OPTannote = 	 {}
}

@Article{cspplus,
	author = 			 {W. B. Gardner},
	title = 			 {{CSP++}: How faithful to {CSPm}},
	journal = 		 {Communicating Process Architecture},
	year = 				 {2005},
	OPTkey = 			 {},
	OPTvolume = 	 {63},
	OPTnumber = 	 {},
	OPTpages = 		 {127-144},
	OPTmonth = 		 {},
	OPTnote = 		 {},
	OPTannote = 	 {}
}

@Book{fspj,
	author = 	 {J. Magee and J. Kramer},
	ALTeditor = 	 {},
	title = 			 {Concurrency State Models \& {Java} Programming},
	publisher = 	 {Wiley},
	year = 				 {2006},
	OPTkey = 			 {},
	OPTvolume = 	 {},
	OPTnumber = 	 {},
	OPTseries = 	 {},
	OPTaddress = 	 {},
	OPTedition = 	 {},
	OPTmonth = 		 {},
	OPTnote = 		 {},
	OPTannote = 	 {}
}

@PhdThesis{cspm,
	author = 			 {B. Scattergood},
	title = 			 {The Semantics and Implementation of Machine-readable {CSP}},
	school = 			 {Queen's College, Oxford},
	year = 				 {1998},
	OPTkey = 			 {},
	OPTtype = 		 {},
	OPTaddress = 	 {},
	OPTmonth = 		 {},
	OPTnote = 		 {},
	OPTannote = 	 {}
}

@inproceedings{fdr,
  title = "Recent Developments in {FDR}",
	  author = "Philip Armstrong and Michael Goldsmith and Gavin Lowe and Joel Ouaknine and Hristina Palikareva and A. W. Roscoe and James Worrell",
		  year = "2012",
			  booktitle = "International Conference on Computer Aided Verification (CAV)",
				  editor = "P. Madhusudan and S. A. Seshia",
					  pages = "699--704",
						  publisher = "Springer",
							  series = "LNCS",
								  volume = "7358",
									}

@MastersThesis{csp-masters,
	author = 			 {Thomas Davies},
	title = 			 {CSP Implementation Techniques: a Critical Analysis},
	school = 			 {Swansea University},
	year = 				 {2012},
	OPTkey = 			 {},
	OPTtype = 		 {},
	OPTaddress = 	 {},
	OPTmonth = 		 {},
	OPTnote = 		 {Available at \url{http://www.cs.swan.ac.uk/~csmarkus/ProcessesAndData/sites/default/files/uploads/papers/davies12.pdf}},
	OPTannote = 	 {}
}

@inproceedings{wadler-monads,
 author = {Wadler, Philip},
 title = {Monads for Functional Programming},
 booktitle = {Advanced Functional Programming, First International Spring School on Advanced Functional Programming Techniques-Tutorial Text},
 year = {1995},
 pages = {24--52},
 publisher = {Springer-Verlag}
}


@Misc{lockheed,
  key =       {Lockheed},
  OPTauthor =    {},
  OPTtitle =     {},
  OPThowpublished = {\url{http://www.globalsecurity.org/military/systems/aircraft/f-22-avionics.htm}},
  OPTmonth =     {March},
  OPTyear =      {2012},
  OPTnote =      {},
  OPTannote =    {}
}

@TechReport{luth,
  author =       {Christoph Luth},
  title =        {Modular Modelling with Monads},
  institution =  {Technische Universitat Dresden},
  year =         {2005},
  OPTkey =       {},
  OPTtype =      {},
  number =    {Technischer Bericht TUD-FI05-12},
  OPTaddress =   {},
  month =     {November},
  OPTnote =      {},
  OPTannote =    {}
}

@article{omissive,
 author = {Azadmanesh, M. H. and Kieckhafer, R. M.},
 title = {Exploiting Omissive Faults in Synchronous Approximate Agreement},
 journal = {IEEE Trans. Comput.},
 issue_date = {October 2000},
 volume = {49},
 number = {10},
 month = oct,
 year = {2000},
 issn = {0018-9340},
 pages = {1031--1042},
 numpages = {12}
}


@InProceedings{atom,
  author =       {T. Hawkins},
  title =        {Controlling hybrid vehicles with {H}askell},
  OPTcrossref =  {},
  OPTkey =       {},
  booktitle = {Commercial Users of Functional Programming ({CUFP})},
  year =      {2008},
  OPTeditor =    {},
  OPTvolume =    {},
  OPTnumber =    {},
  OPTseries =    {},
  OPTpages =     {},
  OPTmonth =     {},
  OPTaddress =   {},
  OPTorganization = {},
  publisher = {ACM},
  OPTnote =      {},
  OPTannote =    {}
}

@article{bluespec,
 author = {Nikhil, Rishiyur S. and Arvind},
 title = {What is {B}luespec?},
 journal = {SIGDA Newsletter},
 issue_date = {January 2009},
 volume = {39},
 number = {1},
 month = jan,
 year = {2009},
 pages = {1--1},
 publisher = {ACM}
}

@InProceedings{chisel,
  author =       {Jonathan Bachrach and Huy Vo and Brian Richards and Yunsup Lee and
Andrew Waterman and Rimas Avizienis and John Wawrzynek and Krste Asanovic},
  title =        {{C}hisel: Constructing Hardware in a {S}cala Embedded Language},
  OPTcrossref =  {},
  OPTkey =       {},
  booktitle = {Design Automation Conference},
  year =      {2012},
  OPTeditor =    {},
  OPTvolume =    {},
  OPTnumber =    {},
  OPTseries =    {},
  OPTpages =     {},
  OPTmonth =     {},
  OPTaddress =   {},
  OPTorganization = {},
  publisher = {ACM},
  OPTnote =      {},
  OPTannote =    {}
}

@InProceedings{wright,
  author =       {Gregory Wright},
  title =        {Functions to junctions: ultra low power chip design with some help from {H}askell},
  OPTcrossref =  {},
  OPTkey =       {},
  booktitle = {Commercial Users of Functional Programming ({CUFP})},
  year =      {2008},
  OPTeditor =    {},
  OPTvolume =    {},
  OPTnumber =    {},
  OPTseries =    {},
  OPTpages =     {},
  OPTmonth =     {},
  OPTaddress =   {},
  OPTorganization = {},
  OPTpublisher = {ACM},
  OPTnote =      {},
  OPTannote =    {}
}


@InProceedings{cryptol,
  author =       {J. Lewis and B. Martin},
  title =        {Cryptol: high assurance, retargetable crypto development and validation},
  OPTcrossref =  {},
  OPTkey =       {},
  booktitle = {Military Communications Conference {(MILCOM)}},
  year =      {2003}
}

@inproceedings{sel4,
    author = {Klein, Gerwin and Elphinstone, Kevin and Heiser, Gernot and Andronick, June and Cock, David and Derrin, Philip and Elkaduwe, Dhammika and Engelhardt, Kai and Kolanski, Rafal and Norrish, Michael and Sewell, Thomas and Tuch, Harvey and Winwood, Simon},
    booktitle = {22nd ACM Symposium on Operating Systems Principles (SOSP)},
    title = {seL4: Formal Verification of an {OS} Kernel},
    year = {2009}
}


@inproceedings{fmcad07,
  author = {Lee Pike},
  title = {Modeling Time-Triggered Protocols and Verifying Their Real-Time Schedules},
  booktitle = {Proceedings of Formal Methods in Computer Aided Design (FMCAD'07)},
  year = {2007},
  pages = {231--238},
  publisher = {IEEE},
  note = {Best Paper Award.}
}

@inproceedings{compcert,
  author = {Sandrine Blazy and Xavier Leroy},
  title = {Formal verification of a memory model for
                         {C}-like imperative languages},
  booktitle = {International Conference on
                         Formal Engineering Methods (ICFEM)},
  year = 2005,
  volume = 3785,
  series = {LNCS},
  publisher = {Springer},
  pages = {280--299}
}

@inproceedings{reintegration,
  author = {Lee Pike and Steven D. Johnson},
  title = {The formal verification of a reintegration protocol},
  booktitle = {EMSOFT '05: Proceedings of the 5th ACM international conference on Embedded software},
  year = {2005},
  pages = {286--289},
  publisher = {ACM Press},
  address = {New York, NY, USA}}


@article{milner-1978,
  author    = {Robin Milner},
  title     = {A Theory of Type Polymorphism in Programming},
  journal   = {J. Comput. Syst. Sci.},
  volume    = {17},
  number    = {3},
  year      = {1978},
  pages     = {348-375},
  ee        = {http://dx.doi.org/10.1016/0022-0000(78)90014-4},
  bibsource = {DBLP, http://dblp.uni-trier.de}
}

@inproceedings{Tha88:RDSS,
TITLE = {Interactive Consistency With Multiple Failure Modes},
AUTHOR = {Philip Thambidurai and You-Keun Park},
BOOKTITLE = {7th Reliable Distributed Systems Symposium},
PAGES = {93-100},
MONTH = {October},
YEAR = 1988
}



@InProceedings{jones,
  author =       {Mark Jones},
  title =        {Experience Report: Playing the {DSL} Card: a domain-specific language for component configuration},
  OPTcrossref =  {},
  OPTkey =       {},
  booktitle = {Intl. Conf. of Functional Programming (ICFP)},
  year =      {2008},
  OPTeditor =    {},
  OPTvolume =    {},
  OPTnumber =    {},
  OPTseries =    {},
  OPTpages =     {},
  OPTmonth =     {},
  OPTaddress =   {},
  OPTorganization = {},
  publisher = {ACM},
  OPTnote =      {},
  OPTannote =    {}
}

@article{taxonomy,
 author = {Avizienis, Algirdas and Laprie, Jean-Claude and Randell, Brian and Landwehr, Carl},
  title = {Basic Concepts and Taxonomy of Dependable and Secure Computing},
	 journal = {IEEE Transactions on Dependable and Secure Computing},
	  issue_date = {January 2004},
		 volume = {1},
		  number = {1},
			 month = jan,
			  year = {2004},
				  pages = {11--33},
							 publisher = {IEEE Computer Society Press},
								 }

@InProceedings{fault-model,
  author =       {P. Thambidurai and You-Keun Park},
  title =        {Interactive Consistency with Multiple Failure Modes},
  OPTcrossref =  {},
  OPTkey =       {},
  booktitle = {Reliable Distributed Systems},
  year =      {1988},
  OPTeditor =    {},
  OPTvolume =    {},
  OPTnumber =    {},
  OPTseries =    {},
  pages =     {93-100},
  month =     {October},
  OPTaddress =   {},
  OPTorganization = {},
  OPTpublisher = {},
  OPTnote =      {},
  OPTannote =    {}
}

@InProceedings{eaton,
  author =       {Tom Hawkins},
  title =        {Controlling Hybrid Vehicles with {H}askell},
  OPTcrossref =  {},
  OPTkey =       {},
  booktitle = {Commercial Users of Functional Programming (CUFP)},
  year =      {2008},
  OPTeditor =    {},
  OPTvolume =    {},
  OPTnumber =    {},
  OPTseries =    {},
  OPTpages =     {},
  OPTmonth =     {},
  OPTaddress =   {},
  OPTorganization = {},
  publisher = {ACM},
  OPTnote =      {},
  OPTannote =    {}
}


@InProceedings{antiope,
  author =       {Gregory Wright},
  title =        {Functions to junctions: ultra low power chip
design with some help from {H}askell},
  OPTcrossref =  {},
  OPTkey =       {},
  booktitle = {Commercial Users of Functional Programming (CUFP)},
  year =      {2008},
  OPTeditor =    {},
  OPTvolume =    {},
  OPTnumber =    {},
  OPTseries =    {},
  OPTpages =     {},
  OPTmonth =     {},
  OPTaddress =   {},
  OPTorganization = {},
  publisher = {ACM},
  OPTnote =      {},
  OPTannote =    {}
}

@Article{lamport95byzantine,
  author =       {Lamport and Shostak and Pease},
  title =        {The {Byzantine} Generals Problem},
  journal =      {ACM Transactions on Programming Languages and Systems},
  year =         {1982},
  OPTkey =       {},
  volume =    {4},
  Tnumber =    {3},
  pages =     {382--401},
  month =     {July},
  OPTnote =      {},
  OPTannote =    {}
}

@INPROCEEDINGS{monadic,
    author = {Koen Claessen and John Hughes},
    title = {Testing Monadic Code with QuickCheck},
    booktitle = {In Proc. ACM SIGPLAN workshop on Haskell},
    year = {2002},
    pages = {65--77}
}

@inproceedings{simcheck,
 author = {Pritam Roy and Natarajan Shankar},
 title = {{S}im{C}heck: An Expressive Type System for {S}imulink},
 booktitle = {Proceedings of the Second NASA Formal Methods Symposium (NFM 2010),
              NASA/CP-2010-216215},
 editor = {C{\'e}sar Mu{\~{n}}oz},
 organization = {NASA},
 address = {Langley Research Center, Hampton VA 23681-2199, USA},
 pages = {149--160},
 month = {April},
 year = {2010}
}

@inproceedings{sycraft,
  AUTHOR = "Borzoo Bonakdarpour and Sandeep S. Kulkarni",
  TITLE = "SYCRAFT: A Tool for Synthesizing Distributed Fault-Tolerant Programs",
  BOOKTITLE = "CONCUR'08",
  PAGES = {167-171},
  YEAR = {2008},
}

@article{undecidable,
  author    = {Martin Sulzmann and
               Gregory J. Duck and
               Simon L. Peyton Jones and
               Peter J. Stuckey},
  title     = {Understanding functional dependencies via constraint handling
               rules},
  journal   = {J. Funct. Program.},
  volume    = {17},
  number    = {1},
  year      = {2007},
  pages     = {83--129}
}


@inproceedings{butler,
 author = {Ricky Butler and George Hagen and Jeffrey Maddalon and C\'esar Mu{\~{n}}oz and Anthony Narkawicz and Gilles Dowek},
 title = {How Formal Methods Impels Discovery: A Short History of an Air Traffic Management Project},
 booktitle = {Proceedings of the Second NASA Formal Methods Symposium (NFM 2010),
              NASA/CP-2010-216215},
 editor = {C{\'e}sar Mu{\~{n}}oz},
 organization = {NASA},
 address = {Langley Research Center, Hampton VA 23681-2199, USA},
 pages = {34--46},
 month = {April},
 year = {2010}
}

@InProceedings{abstractions,
  author =    {Lee Pike and Jeffrey Maddalon and Paul Miner and Alfons Geser},
  title =     {Abstractions for Fault-Tolerant Distributed System Verification},
  booktitle = {Theorem Proving in Higher Order Logics ({TPHOL}s)},
  year =      {2004},
  pages =     {257--270},
  volume =    {3223},
  series =    {LNCS},
  publisher = {Springer}
  }

@PhdThesis{latron,
  author =       {Elizabeth Ann Latronico},
  title =        {Reliability Validation of Group Membership Services for X-by-Wire Protocols},
  school =       {Carnegie Mellon University},
  year =         {2005},
  OPTkey =       {},
  OPTtype =      {},
  OPTaddress =   {},
  month =     {May},
  note =      {Available at \url{http://www.ece.cmu.edu/~Ekoopman/thesis/latronico.pdf}},
  OPTannote =    {}
}


@INPROCEEDINGS{pvs-qc,
    author = {Sam Owre},
    title = {Random testing in {PVS}},
    booktitle = {In: Workshop on Automated Formal Methods (AFM)},
    year = {2006}
}

@article{hindley-1969,
    author = {Hindley, R.},
    citeulike-article-id = {6197850},
    citeulike-linkout-0 = {http://dx.doi.org/10.2307/1995158},
    citeulike-linkout-1 = {http://www.jstor.org/stable/1995158},
    doi = {10.2307/1995158},
    issn = {00029947},
    journal = {Transactions of the American Mathematical Society},
    keywords = {type-inference},
    pages = {29--60},
    posted-at = {2009-11-23 16:48:33},
    priority = {2},
    publisher = {American Mathematical Society},
    title = {{The Principal Type-Scheme of an Object in Combinatory Logic}},
    url = {http://dx.doi.org/10.2307/1995158},
    volume = {146},
    year = {1969}
}

% What's the best way to cite this?
@misc{halvm-channels,
  title = {Developing with the {HaLVM}},
  author = {{Galois, Inc.}},
  url = {http://halvm.org/wiki/wiki/DevelopingWithTheHaLVM}
}

@inproceedings{damas-milner,
   author = {Damas, Luis and Milner, Robin},
   title = {Principal type-schemes for functional programs},
   booktitle = {Proceedings of the 9th ACM SIGPLAN-SIGACT symposium on Principles of programming languages},
   series = {POPL '82},
   year = {1982},
   isbn = {0-89791-065-6},
   location = {Albuquerque, New Mexico},
   pages = {207--212},
   numpages = {6},
   url = {http://doi.acm.org/10.1145/582153.582176},
   doi = {10.1145/582153.582176},
   acmid = {582176},
   publisher = {ACM},
   address = {New York, NY, USA},
}

@inproceedings{pvs,
    AUTHOR = {{S.} Owre and {J.} {M.} Rushby and and {N.} Shankar},
    TITLE = {{PVS:} {A} Prototype Verification System},
    BOOKTITLE = {11th International Conference on Automated Deduction (CADE)},
    YEAR = {1992},
    SERIES = {LNCS},
    VOLUME = {607},
    PAGES = {748--752},
    PUBLISHER = {Springer}
}

@techreport{interp,
        Author= {S. Owre and N. Shankar},
        Title= {Theory Interpretations in PVS},
        Number= {SRI-CSL-01-01},
        Institution= {Computer Science Laboratory, SRI International},
        Address= {Menlo Park, CA},
        Month= {April},
        Year= {2001}}

@article{tt-rushby,
    AUTHOR = {John Rushby},
    TITLE = {Systematic Formal Verification for Fault-Tolerant Time-Triggered Algorithms},
    JOURNAL = {{IEEE} Transactions on Software Engineering},
    VOLUME = {25},
    NUMBER = {5},
    YEAR = {1999},
    PAGES = {651--660},
    MONTH = {sep},
    URL = {http://www.csl.sri.com/papers/tse99/}
}

@article{haskell98,
  author = {Simon {Peyton Jones} and others},
  title = {The {Haskell} 98 Language and Libraries: The Revised Report},
  journal = {Journal of Functional Programming},
  volume = 13,
  number = 1,
  pages = {0--255},
  month = {Jan},
  year = 2003,
  note = {\url{http://www.haskell.org/definition/}},
}



@Misc{nextgen,
  OPTkey =       {},
  author =    {{F. A. Administration}},
  title =     {Next Generation Air Transportation System (NextGen)},
  howpublished = {Website},
  OPTmonth =     {},
  OPTyear =      {},
  note =      {\url{www.faa.gov/about/initiatives/nextgen/}},
  OPTannote =    {}
}

@InProceedings{Dris2,
  author =       {Kevin Driscoll and Brendan Hall and H{\aa}kan Sivencrona and Phil Zumsteg},
  title =        {{Byzantine} Fault Tolerance, from Theory to Reality},
  OPTcrossref =  {},
  OPTkey =       {},
  booktitle = {Computer Safety, Reliability, and Security},
  pages =     {235--248},
  year =      {2003},
  editor =    {G. Goos and J. Hartmanis and J. van Leeuwen},
  OPTvolume =    {},
  OPTnumber =    {},
  series =    {Lecture Notes in Computer Science},
  OPTaddress =   {},
  month =     {September},
  organization = {The 22nd International Conference  on
Computer Safety, Reliability and Security {SAFECOMP}},
  publisher = {Springer-Verlag Heidelberg},
  OPTnote =      {},
  OPTannote =    {}
}

@InProceedings{paxos,
  author =       {T. D. Chandra and R. Griesemer and J. Redstone},
  title =        {Paxos made live: an engineering
perspective},
  OPTcrossref =  {},
  OPTkey =       {},
  booktitle = {PODC ’07: Proceedings of the twenty-sixth annual ACM symposium on
Principles of distributed computing},
  pages =     {398--407},
  year =      {2007},
  OPTeditor =    {},
  OPTvolume =    {},
  OPTnumber =    {},
  OPTseries =    {},
  OPTaddress =   {},
  OPTmonth =     {},
  OPTorganization = {},
  OPTpublisher = {},
  OPTnote =      {},
  OPTannote =    {}
}

@InProceedings{pike-icfp-12,
  author =    {Lee Pike and Nis Wegmann and Sebastian Niller and Alwyn Goodloe},
  title =     {Experience Report: a Do-It-Yourself High-Assurance Compiler},
  booktitle = {Proceedings of the Intl. Conference on Functional Programming (ICFP)},
  publisher = {ACM},
  year =      {2012},
  month =     {September}
}

@article{piketse06,
 author    = {Lee Pike},
 title     = {A Note on Inconsistent Axioms in {R}ushby's "{S}ystematic 
Formal Verification for Fault-Tolerant Time-Triggered Algorithms"},
 journal   = {IEEE Transactions on Software Engineering},
 volume    = {32},
 number    = {5},
 month     = {May},
 year      = {2006},
 pages     = {347--348},
 publisher = {IEEE Computer Society}
}

@INPROCEEDINGS{quickcheck,
    author = {Koen Claessen and John Hughes},
    title = {QuickCheck: A Lightweight Tool for Random Testing of Haskell Programs},
    booktitle = {ACM SIGPLAN Notices},
    year = {2000},
    pages = {268--279},
    publisher = {ACM Press}
}

@inproceedings{vacuous,
  title = {How Vacuous Is Vacuous?},
  author = {Arie Gurfinkel and Marsha Chechik},
  year = {2004},
  pages = {451-466},
  booktitle = {Tools and Algorithms for the Construction and Analysis of Systems (TACAS)},
  editor = {Kurt Jensen and Andreas Podelski},
  volume = {2988},
  series = {LNCS},
  publisher = {Springer}
}

@Misc{mdm,
  OPTkey =       {},
  author =    {C. Bergin},
  title =     {Faulty {MDM} removed},
  OPThowpublished = {},
  OPTmonth =     {May},
  year =      {2008},
  note =      {\url{www.nasaspaceflight.com/2008/05/
sts-124-frr-debate-outstanding-issues-faulty-mdm-removed/}},
  OPTannote =    {}
}


@Misc{330,
  OPTkey =       {},
  author =    {K. Macaulay},
  title =     {ATSB preliminary factual report, in-flight upset, {Q}antas {A}irbus A330,
154 Km {W}est of {L}earmonth, {WA}},
  howpublished = {Australian Transport Safety Bureau Media Release},
  month =     {October},
  year =      {2008},
  note =      {\url{http://www.atsb.gov.au/newsroom/
2008/release/2008 45.aspx}},
  OPTannote =    {}
}

330

@Misc{777,
  OPTkey =       {},
  author =    {{A. T. S. Bureau}},
  title =     {In-flight upset event 240 Km {N}orth-{W}est of {P}erth, {WA} {B}oeing
{C}ompany 777-200, 9M-MRG},
  OPThowpublished = {ATSB Transport Safety Investigation
Report, 2007. Aviation Occurrace Report - 200503722},
  month =     {August},
  year =      {2005},
  OPTnote =      {},
  OPTannote =    {}
}

@TECHREPORT{session-types,
    author = {Simon Gay and Vasco Vasconcelos and Antonio Ravara},
    title = {Session Types for Inter-Process Communication},
    institution = {},
    year = {2003}
}

@MISC{uniqueness-typing,
    author = {Edsko De Vries and Rinus Plasmeijer and David M Abrahamson},
    title = {Uniqueness Typing Simplified},
    year = {}
}

@INPROCEEDINGS{qctelecom,
    author = {Thomas Arts and John Hughes and Joakim Johansson and Ulf Wiger},
    title = {Testing telecoms software with Quviq QuickCheck},
    booktitle = {ACM Sigplan workshop Erlang},
    year = {2006},
    pages = {2--10},
    publisher = {ACM}
}

@Article{grammar,
  author =       {P. M. Maurer},
  title =        {Generating test data with enhanced context-free grammars},
  journal =      {IEEE Software},
  year =         {1990},
  OPTkey =       {},
  volume =    {7},
  number =    {4},
  pages =     {50--56},
  OPTmonth =     {},
  OPTnote =      {},
  OPTannote =    {}
}

@Misc{qcvolvo,
  OPTkey =       {},
  author =    {John Hughes},
  title =     {Property-based testing, race-conditions, and {QuickCheck}},
  OPThowpublished = {},
  OPTmonth =     {},
  year =      {2012},
  note =      {Available at \url{www.cse.chalmers.se/edu/course/DAT260/files/12-GL-QuickCheck.pdf}},
  OPTannote =    {}
}

@inproceedings{hpc,
	title = {Haskell Program Coverage},
	booktitle = {Proceedings of the 2007 ACM SIGPLAN Workshop on Haskell},
	year = {2007},
	month = {Sept},
	publisher = {ACM Press},
	author = {Andy Gill and Colin Runciman}
}

@misc{ghc,
	title = {The Glasgow Haskell Compiler},
	note = {\url{http://www.haskell.org/ghc/}}
}

@misc{yices,
	title = {Yices: An SMT Solver},
	note = {\url{http://yices.csl.sri.com/}}
}


@InProceedings{fran,
   title        = {Functional Reactive Animation},
   url          = {http://conal.net/papers/icfp97/},
   author       = "Conal Elliott and Paul Hudak",
   booktitle    = "International Conference on Functional Programming",
   year         = 1997
}

@inproceedings{lustre,
  author = {N. Halbwachs and P. Caspi and P. Raymond and D. Pilaud},
  title = {The synchronous dataflow programming language LUSTRE},
  booktitle = {Proceedings of the IEEE},
  year = {1991},
  pages = {1305--1320}
}

@TechReport{spider_design,
  author =       {Wilfredo Torres-Pomales and Mahyar R. Malekpour and Paul Miner},
  title =        {{ROBUS}-2: A Fault-Tolerant Broadcast Communication System},
  institution =  {NASA Langley Research Center},
  year =         {2005},
  OPTkey =       {},
  OPTtype =      {},
  number =    {NASA/TM-2005-213540},
  OPTaddress =   {},
  OPTmonth =     {},
  OPTnote =      {},
  OPTannote =    {}
}

@InProceedings{unified,
  author =    {Paul Miner and Alfons Geser and Lee Pike and Jeffery Maddalon},
  title =     {A Unified Fault-Tolerance Protocol},
  year =      {2004},
  pages =     {167--182},
  booktitle = {Formal Techniques, Modeling and Analysis of Timed and Fault-Tolerant Systems ({FORMATS-FTRTFT})},
  editor =    {Yassine Lakhnech and Sergio Yovine},
  volume =    {3253},
  series =    {LNCS},
  publisher = {Springer}}


@inproceedings{esterel,
  author    = {G{\'e}rard Berry and
               Laurent Cosserat},
  title     = {The ESTEREL Synchronous Programming Language and its Mathematical
               Semantics},
  booktitle = {Seminar on Concurrency},
  year      = {1984},
  pages     = {389-448},
  ee        = {http://dx.doi.org/10.1007/3-540-15670-4_19},
}

@article{csp,
  author    = {C. A. R. Hoare},
  title     = {Communicating Sequential Processes},
  journal   = {Commun. ACM},
  volume    = {21},
  number    = {8},
  year      = {1978},
  pages     = {666-677},
  ee        = {http://doi.acm.org/10.1145/359576.359585},
  bibsource = {DBLP, http://dblp.uni-trier.de}
}

@book{ccs,
  author    = {Robin Milner},
  title     = {A Calculus of Communicating Systems},
  publisher = {Springer},
  series    = {Lecture Notes in Computer Science},
  volume    = {92},
  year      = {1980},
  isbn      = {3-540-10235-3},
  ee        = {http://dx.doi.org/10.1007/3-540-10235-3},
  bibsource = {DBLP, http://dblp.uni-trier.de}
}

@book{lynch,
 author = {Lynch, Nancy A.},
 title = {Distributed Algorithms},
 year = {1996},
 publisher = {Morgan Kaufmann Publishers Inc.},
 address = {San Francisco, CA, USA},
} 

@ARTICLE{Lynch89anintroduction,
    author = {Nancy A. Lynch and Mark R. Tuttle},
    title = {An introduction to input/output automata},
    journal = {CWI Quarterly},
    year = {1989},
    volume = {2},
    pages = {219--246}
}

@inproceedings{erlang,
 author = {Armstrong, Joe},
 title = {A history of Erlang},
 booktitle = {Proceedings of the third ACM SIGPLAN conference on History of programming languages},
 series = {HOPL III},
 year = {2007},
 isbn = {978-1-59593-766-7},
 location = {San Diego, California},
 pages = {6-1--6-26},
 url = {http://doi.acm.org/10.1145/1238844.1238850},
 doi = {10.1145/1238844.1238850},
 acmid = {1238850},
 publisher = {ACM},
 address = {New York, NY, USA},
}

@Inbook{theory,
author="Driscoll, Kevin
and Hall, Brendan
and Sivencrona, H{\aa}kan
and Zumsteg, Phil",
title="Byzantine Fault Tolerance, from Theory to Reality",
bookTitle="Computer Safety, Reliability, and Security: 22nd International Conference, ({SAFECOMP})",
year="2003",
publisher="Springer Berlin Heidelberg",
pages="235--248"
}

@article{occam,
  author    = {A. W. Roscoe and
               C. A. R. Hoare},
  title     = {The Laws of Occam Programming},
  journal   = {Theor. Comput. Sci.},
  volume    = {60},
  year      = {1988},
  pages     = {177-229},
  ee        = {http://dx.doi.org/10.1016/0304-3975(88)90049-7},
  bibsource = {DBLP, http://dblp.uni-trier.de}
}

@INPROCEEDINGS{io-monad,
    author = {Simon Peyton Jones},
    title = {Tackling the Awkward Squad: monadic input/output, concurrency, exceptions, and foreign-language calls in Haskell},
    booktitle = {Engineering theories of software construction},
    year = {2002},
    pages = {47--96},
    publisher = {Press}
}

@article{lava,
 author = {Bjesse, Per and Claessen, Koen and Sheeran, Mary and Singh, Satnam},
 booktitle = {International conference on functional programming (ICFP)},
 title = {Lava: hardware design in {H}askell},
 volume = {34},
 number = {1},
 month = sep,
 year = {1998},
 pages = {174--184},
 publisher = {ACM}
}

@ARTICLE{Lamport82thebyzantine,
    author = {L. Lamport},
    title = {The Byzantine generals problem},
    journal = {ACM Transactions on Programming Languages and Systems},
    year = {1982},
    volume = {4},
    pages = {382--401}
}

@InProceedings{pike-rv,
  author =    {Lee Pike and Alwyn Goodloe and Robin Morisset and Sebastian Niller},
  title =     {Copilot: A Hard Real-Time Runtime Monitor},
  booktitle = {Proceedings of the 1st Intl. Conference on Runtime Verification},
  publisher = {Springer},
  series  =   {LNCS},
  year =      {2010},
  month =     {November},
  note =      {Preprint available at \url{http://www.cs.indiana.edu/~lepike/pub_pages/rv2010.html}},
}

@inproceedings{clean,
 author = {Brus, T. H. and van Eekelen, C. J. D. and van Leer, M. O. and Plasmeijer, M. J.},
 title = {CLEAN: A language for functional graph rewriting},
 booktitle = {Proc. of a conference on Functional programming languages and computer architecture},
 year = {1987},
 isbn = {0-387-18317-5},
 location = {Portland, Oregon, United States},
 pages = {364--384},
 numpages = {21},
 url = {http://dl.acm.org/citation.cfm?id=36583.36603},
 acmid = {36603},
 publisher = {Springer-Verlag},
 address = {London, UK, UK},
}

@article{lamport01paxos,
    author = {Lamport, Leslie},
    citeulike-article-id = {541278},
    journal = {ACM SIGACT News},
    keywords = {bibtex-import},
    month = dec,
    number = {4},
    pages = {18--25},
    posted-at = {2006-03-09 04:35:31},
    priority = {2},
    title = {{P}axos Made Simple},
    volume = {32},
    year = {2001}
}

@inproceedings{GillR07,
  author    = {Andy Gill and
               Colin Runciman},
 title = {Haskell program coverage},
 booktitle = {Proceedings of the ACM SIGPLAN workshop on Haskell workshop},
 series = {Haskell '07},
 year = {2007},
 isbn = {978-1-59593-674-5},
 location = {Freiburg, Germany},
 pages = {1--12},
 numpages = {12},
 url = {http://doi.acm.org/10.1145/1291201.1291203},
 doi = {10.1145/1291201.1291203},
 acmid = {1291203},
 publisher = {ACM},
 address = {New York, NY, USA},
 keywords = {code coverage, haskell, software engineering},
}

@inproceedings{ml5,
  author    = {Tom Murphy VII and
               Karl Crary and
               Robert Harper},
  title     = {Type-Safe Distributed Programming with ML5},
  booktitle = {TGC},
  year      = {2007},
  pages     = {108-123},
  ee        = {http://dx.doi.org/10.1007/978-3-540-78663-4_9},
}

@book{realtime-gc,
	author    = {Richard Jones and Antony Hosking and Eliot Moss},
	title     = {The Garbage Collection Handbook},
	year      = {2012},
	publisher = {CRC Press},
	address   = {Boca Raton, FL, USA},
	pages     = {375-415},
	isbn      = {978-1-4200-8279-1}
}

@Misc{accord,
  author       = {{NASA Langley Formal Methods Team}},
  title        = {Airborne coordinated conflict resolution and detection (ACCoRD)},
  year         = {2012},
  howpublished = {Website},
  note         = {\url{http://shemesh.larc.nasa.gov/people/cam/ACCoRD/}}
}

@book{simulink,
  author = {Beucher, Ottmar},
  booktitle = {MATLAB und Simulink (Scientific Computing)},
  month = {08},
  publisher = {Pearson Studium},
  title = {MATLAB und Simulink (Scientific Computing)},
  year = 2006
}

@article{amazon-tla,
 author = {Newcombe, Chris and Rath, Tim and Zhang, Fan and Munteanu, Bogdan and Brooker, Marc and Deardeuff, Michael},
  title = {How {Amazon Web Services} Uses Formal Methods},
	 journal = {Communications of the ACM},
	  issue_date = {April 2015},
		 volume = {58},
		  number = {4},
			 month = mar,
			  year = {2015},
				  pages = {66--73},
					 numpages = {8},
							 publisher = {ACM}
								}


@book{tla,
 author = {Lamport, Leslie},
  title = {Specifying Systems: The {TLA+} Language and Tools for Hardware and Software Engineers},
	 year = {2002},
		 publisher = {Addison-Wesley}
			} 

@inproceedings{Dezani-Ciancaglini,
 author = {Dezani-Ciancaglini, Mariangiola and De'Liguoro, Ugo},
 title = {Sessions and session types: an overview},
 booktitle = {Proceedings of the 6th international conference on Web services and formal methods},
 series = {WS-FM'09},
 year = {2010},
 isbn = {3-642-14457-8, 978-3-642-14457-8},
 location = {Bologna, Italy},
 pages = {1--28},
 numpages = {28},
 url = {http://dl.acm.org/citation.cfm?id=1880906.1880907},
 acmid = {1880907},
 publisher = {Springer-Verlag},
 address = {Berlin, Heidelberg},
 keywords = {process calculi, service oriented computing, type systems},
}


@inproceedings{Honda:1998,
 author = {Honda, Kohei and Vasconcelos, Vasco Thudichum and Kubo, Makoto},
 title = {Language Primitives and Type Discipline for Structured Communication-Based Programming},
 booktitle = {Proceedings of the 7th European Symposium on Programming: Programming Languages and Systems},
 year = {1998},
 isbn = {3-540-64302-8},
 pages = {122--138},
 numpages = {17},
 url = {http://dl.acm.org/citation.cfm?id=645392.651876},
 acmid = {651876},
 publisher = {Springer-Verlag},
 address = {London, UK},
}

@inproceedings{dissaux2014smart,
  title={The SMART project: Multi-agent scheduling simulation of real-time architectures},
  author={Dissaux, Pierre and Marc, Olivier and Rubini, St{\'e}phane and Fotsing, Christian and Gaudel, Vincent and Singhoff, Frank and Plantec, Alain and Nguyen-Hong, Vuong and Tran, Hai-Nam},
  booktitle={Embedded Real Time Software and Systems},
  year={2014}
}

@INPROCEEDINGS{chereque-delta4, 
author={Chereque, M. and Powell, D. and Reynier, P. and Richier, J.-L. and Voiron, J.}, 
booktitle={Fault-Tolerant Computing, 1992. FTCS-22. Digest of Papers., Twenty-Second International Symposium on}, 
title={Active replication in Delta-4}, 
year={1992}, 
pages={28-37}, 
}

@INPROCEEDINGS{bob-777, 
author={Yeh, Y.C. (Bob)}, 
booktitle={Aerospace Applications Conference, 1996. Proceedings., 1996 IEEE}, 
title={Triple-triple redundant 777 primary flight computer}, 
year={1996}, 
volume={1}, 
pages={293-307 vol.1}, 
}

@ARTICLE{keichafer-maft, 
author={Keichafer, R.M. and Walter, C.J. and Finn, A.M. and Thambidurai, P.M.}, 
journal={Computers, IEEE Transactions on}, 
title={The MAFT architecture for distributed fault tolerance}, 
year={1988}, 
volume={37}, 
number={4}, 
pages={398-404}
}

@inproceedings{hammett-drivebywire,
 author = {Hammett,Robert C. and Babcock, Philip S.},
 title = {Achieving $10^{-9}$ Dependability with Drive-by-Wire Systems},
 booktitle = {SAE Technical Paper 2003-01-1290},
 year = {2003},
 isbn = {},
 pages = {},
 numpages = {},
 url = {http://papers.sae.org/2003-01-1290/},
 acmid = {},
 publisher = {},
 address = {},
}

@techreport{butler:2008:primer,
  author = {Ricky W. Butler},
  institution = {NASA},
  title = {A Primer on Architectural Level Fault Tolerance},
  number = {TM-2008-215108},
  month = {Feb},
  year = {2008}
}

@book{Poledna:1996:FRS:525566,
 author = {Poledna, Stefan},
 title = {Fault-Tolerant Real-Time Systems: The Problem of Replica Determinism},
 year = {1996},
 isbn = {079239657X},
 publisher = {Kluwer Academic Publishers},
 address = {Norwell, MA, USA},
} 

@book{Kopetz:1997:RSD:523911,
 author = {Kopetz, Hermann},
 title = {Real-Time Systems: Design Principles for Distributed Embedded Applications},
 year = {1997},
 isbn = {0792398947},
 edition = {1st},
 publisher = {Kluwer Academic Publishers},
 address = {Norwell, MA, USA},
} 

@INPROCEEDINGS{Rushby05anevidential,
    author = {John Rushby},
    title = {An Evidential Tool Bus},
    booktitle = {In Proceedings of ICFEM 2005},
    year = {2005}
}

@inproceedings{CruanesHOS13,
  author = {Cruanes, Simon and Hamon, Gr\'{e}goire and Owre, Sam and Shankar, Natarajan},
  booktitle = {VMCAI},
  pages = {275-294},
  publisher = {Springer},
  series = {Lecture Notes in Computer Science},
  title = {Tool Integration with the Evidential Tool Bus},
  volume = 7737,
  year = 2013
}

@incollection{bishop:safetycase10,
year={2010},
isbn={978-1-84996-085-4},
booktitle={Making Systems Safer},
editor={Dale, Chris and Anderson, Tom},
doi={10.1007/978-1-84996-086-1_4},
title={Safety and Assurance Cases: Past, Present and Possible Future – an Adelard Perspective},
url={http://dx.doi.org/10.1007/978-1-84996-086-1_4},
publisher={Springer London},
author={Bloomfield, Robin and Bishop, Peter},
pages={51-67},
language={English}
}

@inproceedings{richards2010prototype,
  title={A prototype embedding of {B}luespec {S}ystem{V}erilog in the {SAL} model checker},
  author={Richards, Dominic and Lester, David},
  booktitle={Eighth International Workshop on Designing Correct Circuits},
  pages={43},
  year={2010}
}

@techreport{rushby2000partitioning,
  title={Partitioning in avionics architectures: Requirements, mechanisms, and assurance},
  author={Rushby, John},
  year={2000},
  institution={DTIC Document}
}

@INPROCEEDINGS{Bishop98amethodology,
    author = {Peter Bishop and Robin Bloomfield},
    title = {A Methodology for Safety Case Development},
    booktitle = {SAFETY-CRITICAL SYSTEMS SYMPOSIUM, BIRMINGHAM, UK, FEB 1998},
    year = {1998},
    publisher = {Springer-Verlag, ISBN 3-540-76189-6}
}


@incollection{bozzano2009compass,
  title={The COMPASS approach: Correctness, modelling and performability of aerospace systems},
  author={Bozzano, Marco and Cimatti, Alessandro and Katoen, Joost-Pieter and Nguyen, Viet Yen and Noll, Thomas and Roveri, Marco},
  booktitle={Computer Safety, Reliability, and Security},
  pages={173--186},
  year={2009},
  publisher={Springer}
}

@inproceedings{itier2007a380,
  title={A380 integrated modular avionics},
  author={Itier, Jean-Bernard},
  booktitle={Proceedings of the ARTIST2 meeting on integrated modular avionics},
  volume={1},
  pages={72--75},
  year={2007}
}

@inproceedings{prisaznuk2008arinc,
  title={Arinc 653 role in integrated modular avionics (IMA)},
  author={Prisaznuk, Paul J},
  booktitle={Digital Avionics Systems Conference, 2008. DASC 2008. IEEE/AIAA 27th},
  pages={1--E},
  year={2008},
  organization={IEEE}
}

@article{spitzer2007digital,
  title={Digital Avionics Handbook second edition (ISBN: 0849384389)},
  author={SPITZER, CARY R},
  year={2007}
}

@inproceedings{watkins2007transitioning,
  title={Transitioning from federated avionics architectures to Integrated Modular Avionics},
  author={Watkins, Christopher B and Walter, Randy},
  booktitle={Digital Avionics Systems Conference, 2007. DASC'07. IEEE/AIAA 26th},
  pages={2--A},
  year={2007},
  organization={IEEE}
}

@article{garside2009integrating,
  title={Integrating modular avionics: A new role emerges},
  author={Garside, Richard and Pighetti, F},
  journal={Aerospace and Electronic Systems Magazine, IEEE},
  volume={24},
  number={3},
  pages={31--34},
  year={2009},
  publisher={IEEE}
}

@article{dvorak2009nasa,
  title={NASA study on flight software complexity},
  author={Dvorak, D and others},
  journal={NASA Office of Chief Engineer},
  year={2009}
}

@article{judas2011historical,
  title={A historical compilation of software metrics with applicability to {NASA}'s {O}rion spacecraft flight software sizing},
  author={Judas, Paul A and Prokop, Lorraine E},
  journal={Innovations in Systems and Software Engineering},
  volume={7},
  number={3},
  pages={161--170},
  year={2011},
  publisher={Springer}
}


@article{ananda2009general,
  title={General aviation aircraft avionics: Integration \& system tests},
  author={Ananda, CM},
  journal={Aerospace and Electronic Systems Magazine, IEEE},
  volume={24},
  number={5},
  pages={19--25},
  year={2009},
  publisher={IEEE}
}

@article{version20043,
  title={3.8 Reference Guide. Bluespec},
  author={Version, Bluespec SystemVerilog},
  journal={Inc., Waltham, MA},
  year={2004}
}

@article{nikhil:bluespec,
    author = {Nikhil, R.},
    citeulike-article-id = {3905514},
    citeulike-linkout-0 = {http://dx.doi.org/10.1109/MEMCOD.2004.1459818},
    doi = {10.1109/MEMCOD.2004.1459818},
    journal = {Formal Methods and Models for Co-Design, 2004. MEMOCODE '04. Proceedings. Second ACM and IEEE International Conference on},
    month = jun,
    pages = {69--70},
    posted-at = {2009-01-17 22:34:46},
    priority = {2},
    title = {{Bluespec System Verilog: efficient, correct RTL from high level specifications}},
    url = {http://dx.doi.org/10.1109/MEMCOD.2004.1459818},
    year = {2004}
}



@inproceedings{bachrach2012chisel,
  title={Chisel: constructing hardware in a Scala embedded language},
  author={Bachrach, Jonathan and Vo, Huy and Richards, Brian and Lee, Yunsup and Waterman, Andrew and Avi{\v{z}}ienis, Rimas and Wawrzynek, John and Asanovi{\'c}, Krste},
  booktitle={Proceedings of the 49th Annual Design Automation Conference},
  pages={1216--1225},
  year={2012},
  organization={ACM}
}


@article{biere2010lingeling,
  title={Lingeling, {P}lingeling, {P}icosat and {P}recosat at {SAT} race 2010},
  author={Biere, Armin},
  journal={FMV Report Series Technical Report},
  volume={10},
  number={1},
  year={2010}
}

@inproceedings{singhoff2005scheduling,
  title={Scheduling and memory requirements analysis with {AADL}},
  author={Singhoff, Frank and Legrand, J{\'e}r{\^o}me and Nana, Laurent and Marc{\'e}, Lionel},
  booktitle={ACM SIGAda Ada Letters},
  volume={25},
  pages={1--10},
  year={2005},
  organization={ACM}
}

@techreport{feiler2006architecture,
  title={The architecture analysis \& design language (AADL): An introduction},
  author={Feiler, Peter H and Gluch, David P and Hudak, John J},
  year={2006},
  institution={DTIC Document}
}

@incollection{debruyne2005east,
  title={EAST-ADL—An architecture description language},
  author={Debruyne, Vincent and Simonot-Lion, Fran{\c{c}}oise and Trinquet, Yvon},
  booktitle={Architecture Description Languages},
  pages={181--195},
  year={2005},
  publisher={Springer}
}

@book{friedenthal2011practical,
  title={A practical guide to SysML: the systems modeling language},
  author={Friedenthal, Sanford and Moore, Alan and Steiner, Rick},
  year={2011},
  publisher={Access Online via Elsevier}
}



@article{liu2009reliability,
  title={Reliability modeling for airborne equipment system using AADL},
  author={Liu, JJ and Zhong, Shan and Ye, Hong},
  journal={Aeronautical Computing Technique},
  volume={39},
  number={2},
  pages={90--94},
  year={2009}
}

@inproceedings{joshi2007automatic,
  title={Automatic generation of static fault trees from aadl models},
  author={Joshi, Anjali and Vestal, Steve and Binns, Pam},
  booktitle={Workshop on Architecting Dependable Systems of The 37th Annual IEEE/IFIP Int. Conference on Dependable Systems and Networks, Edinburgh, UK},
  year={2007}
}

@incollection{li2011method,
  title={A method for constructing fault trees from AADL models},
  author={Li, Yue and Zhu, Yi-an and Ma, Chun-yan and Xu, Meng},
  booktitle={Autonomic and Trusted Computing},
  pages={243--258},
  year={2011},
  publisher={Springer}
}

@article{gong2013automated,
  title={Automated Safety Integration Analysis of Complex System Based on Functional Model},
  author={Gong, Qi and Su, Duo and Li, Yan},
  journal={Advanced Materials Research},
  volume={655},
  pages={1783--1786},
  year={2013},
  publisher={Trans Tech Publ}
}

@misc{larsoncoupling,
  author =    {Brian Larson},
  title =     {{AADL} Coupling Annex Sublanguage},
  note = {\url{http://www.aadl.info/aadl/downloads/committee/feb2013/presentations/couplingannexslides.pdf}},
  annote =    {}
}

@misc{aadlsummer,
  author =    {},
  title =     {{AADL} Wiki : Topics and Discussions},
  note = {\url{https://wiki.sei.cmu.edu/aadl/index.php/Topics_and_discussions_for_the_2013_Summer_meeting}},
  annote =    {}
}



@misc{savi,
  author =    {},
  title =     {{S}ystem {A}rchitecure {V}irtual {I}ntegration ({SAVI})},
  howpublished = {\url{http://savi.avsi.aero}},
  note =      {},
  annote =    {}
}

@misc{afcs,
  author =    {},
  title =     {{A}ssurance of {F}light {C}rtical {S}ystems ({AFCS})},
  note = {\url{https://c3.nasa.gov/dashlink/projects/79}},
  
}

@inproceedings{driscoll2012maximizing,
  title={Maximizing fault tolerance in a low-s WaP data network},
  author={Driscoll, Kevin and Hall, Brendan and Varadarajan, Srivatsan},
  booktitle={Digital Avionics Systems Conference (DASC), 2012 IEEE/AIAA 31st},
  pages={7A2--1},
  year={2012},
  organization={IEEE}
}

@inproceedings{dutertre2012model,
  title={Model-based analysis of Timed-Triggered Ethernet},
  author={Dutertre, Bruno and Easwaran, Arvind and Hall, Brendan and Steiner, Wilfried},
  booktitle={Digital Avionics Systems Conference (DASC), 2012 IEEE/AIAA 31st},
  pages={9D2--1},
  year={2012},
  organization={IEEE}
}

@misc{as5506-annex,
  key = {AADL Annex},
  title={{SAE} {A}rchitecture {A}nalysis and {D}esign {L}anguage ({AADL}) {A}nnex {V}olume 1},
  author={Annex, E},
  year={2008}
}


@misc{as5506,
  key = {AADL},
  title={{SAE} {A}rchitecture {A}nalysis and {D}esign {L}anguage ({AADL})},
  year={2008}
}

@misc{SRI:SAL,
  author =    {},
  key    = {SAL},
  title =     {{S}ymbolic {A}nalysis {L}aboratory ({SAL})},
  note = {\url{http://sal.csl.sri.com/}},
}

@misc{SRI:PVS,
  author =    {},
	key    = {PVS},
  title =     {{P}rototype {V}erification {S}ystem ({PVS})},
  note = {\url{http://pvs.csl.sri.com/}},
}

@techreport{feiler06aadl-intro,
  added-at = {2011-12-16T09:34:58.000+0100},
  author = {Feiler, Peter H. and Gluch, David P. and Hudak, John J.},
  biburl = {http://www.bibsonomy.org/bibtex/2e2adb15ced81488ed1d9317492991d20/pbrada},
  groups = {public},
  institution = {Software Engineering Institute, Carnegie Mellon University},
  interhash = {0d155ae57a69bfb21c9ca02d79a84dca},
  intrahash = {e2adb15ced81488ed1d9317492991d20},
  keywords = {aadl model notation component thread},
  number = {CMU/SEI-2006-TN-011},
  timestamp = {2011-12-16T09:34:58.000+0100},
  title = {The Architecture Analysis \& Design Language ({AADL}): An Introduction},
  url = {http://www.aadl.info/aadl/currentsite/currentusers/notation.html},
  username = {pbrada},
  year = 2006
}

@misc{SysML,
  key = {SysML},
  author =    {},
  title =     {{S}ystems {M}odeling {S}ystem ({S}ys{ML})},
  note = {\url{http://www.sysml.org/}},
}


@misc{TomHawkins:Confluence,
  author =    {Tom Hawkins},
  title =     {Confluence: Declarative programming language that simplifies hardware design},
  note = {\url{http://tomahawkins.org/}},
}

@misc{ivory:dsl,
  key  = {ivory},
  author =    {},
  title =     {Ivory Language: Introduction},
  note = {\url{http://smaccmpilot.org/languages/ivory-introduction.html}},
}

@misc{atom:dsl,
  author =    {Tom Hawkins},
  title =     {atom-1.0.12: A DSL for embedded hard realtime applications},
  note = {\url{http://hackage.haskell.org/package/atom/}},
}

@misc{esterel:scade,
  key = {Esterel},
  author =    {},
  title =     {{ESTEREL SCADE}: {C}ontrol {S}oftware {D}esign},
  note = {\url{http://www.esterel-technologies.com/products/scade-suite/}},
}
@misc{matlab:simulink,
  key = {Simulink},
  author =    {},
  title =     {{MATHWORKS SIMULINK}: {S}imulation and {M}odel-{B}ased {D}esign},
  note = {\url{http://www.mathworks.com/products/simulink/}},
}

@inproceedings{crc,
  author    = {Philip Koopman and
	               Tridib Chakravarty},
  title     = {Cyclic Redundancy Code {(CRC)} Polynomial Selection For Embedded Networks},
  booktitle = {2004 International Conference on Dependable Systems and Networks {(DSN}
										                2004), 28 June - 1 July 2004, Florence, Italy, Proceedings},
  pages     = {145},
  year      = {2004}
}

@inproceedings{LatronicoPaul:SpiderGroupMembership:2004,
 author = {Latronico, Elizabeth and Miner, Paul and Koopman, Philip},
 title = {Quantifying the Reliability of Proven SPIDER Group Membership Service Guarantees},
 booktitle = {Proceedings of the 2004 International Conference on Dependable Systems and Networks},
 series = {DSN '04},
 year = {2004},
 isbn = {0-7695-2052-9},
 pages = {275--},
 url = {http://dl.acm.org/citation.cfm?id=1009382.1009742},
 acmid = {1009742},
 publisher = {IEEE Computer Society},
 address = {Washington, DC, USA},
}

@misc{arp4754,
  key = {arp4754},
  author =    {},
  title =     {{SAE Aerospace Recommended Practice ARP4754, Revision A: Guidelines for Development of Civil Aircraft and Systems}},
  note = {\url{http://standards.sae.org/arp4754a/}},
}

@misc{arp4761,
  key = {arp4761},
  author =    {},
  title =     {{SAE Aerospace Recommended Practice ARP476: Guidelines and Methods for Conducting the Safety Assessment Process on Civil Airborne Systems and Equipment}},
  note = {\url{http://standards.sae.org/arp4761/}},
}



@Misc{mbd-cert,
  OPTkey =       {},
  author =    {Bill Potter},
  title =     {Complying with {DO-178C} and {DO-331} using Model-Based Design},
  OPThowpublished = {},
  OPTmonth =     {},
  OPTyear =      {},
  note =      {12AEAS-0090. Available at \url{https://www.mathworks.com/tagteam/74250_Paper%20Number%2012AEAS-0090-finalweb.pdf}},
  OPTannote =    {}
}

@misc{do178c,
  key = {do178c},
  author =    {},
  title =     {{RTCA DO-178C: Software Considerations in Airborne Systems and Equipment Certification}},
  note = {\url{http://www.rtca.org/store_product.asp?prodid=803}},
}

@misc{do254,
  key = {do254},
  author =    {},
  title =     {{RTCA DO-254: Design Assurance Guidance for Airborne Electronic Hardware}},
  note = {\url{http://www.rtca.org/store_product.asp?prodid=752}},
}

@misc{do297,
  key = {do297},
  author =    {},
  title =     {{RTCA DO-297: Integrated Modular Avionics (IMA) Development Guidance and Certification Considerations}},
  note = {\url{http://www.rtca.org/store_product.asp?prodid=617}},
}

@misc{sae:tte,
    key = {tte},
  author =    {},
  title =     {{SAE Standard: Time-Triggered Ethernet (TTE): Deterministic Ethernet And Unified Networking}},
  note = {\url{http://standards.sae.org/as6802/}},
}

@INPROCEEDINGS{kopetz:ttp, 
author={Kopetz, H. and Grunsteidl, G.}, 
booktitle={Fault-Tolerant Computing, 1993. FTCS-23. Digest of Papers., The Twenty-Third International Symposium on}, 
title={TTP - A time-triggered protocol for fault-tolerant real-time systems}, 
year={1993}, 
pages={524-533},  
doi={10.1109/FTCS.1993.627355}, 
ISSN={0731-3071},
}

@INPROCEEDINGS{driscoll:brain, 
author={Driscoll, K. and Hall, B. and Varadarajan, S.}, 
booktitle={Digital Avionics Systems Conference (DASC), 2012 IEEE/AIAA 31st}, 
title={Maximizing fault tolerance in a low-s WaP data network}, 
year={2012}, 
pages={7A2-1-7A2-16}, 
doi={10.1109/DASC.2012.6382406}, 
ISSN={2155-7195},
}

@misc{NASA:dryden:adpative_control,
  author =    {},
  title =     {{NASA Intelligent Systems Division: Adaptive Flight Control Tests with NASA Dryden onboard an F-18 aircraft}},
  note = {\url{http://ti.arc.nasa.gov/news/adaptive-flight-control-test/}},
}

@article{hall2013investigating,
  title={Investigating Actuation Force Fight with Asynchronous and Synchronous Redundancy Management Techniques},
  author={Hall, Brendan and Driscoll, Kevin and Schweiker, Kevin and Dutertre, Bruno},
  year={2013},
}

@misc{sae:afdx,
  author =    {},
  title =     {{ARINC Standard: 664P7-1 Aircraft Data Network, Part 7, Avionics Full-Duplex Switched Ethernet (AFDX) Network}},
  note = {\url{https://www.arinc.com/cf/store/catalog_detail.cfm?item_id=1270}},
}

@incollection{Dutertre-Sorea-2004,
  year={2004},
  isbn={978-3-540-23167-7},
  booktitle={Formal Techniques, Modelling and Analysis of Timed and Fault-Tolerant Systems},
  volume={3253},
  series={Lecture Notes in Computer Science},
  editor={Lakhnech, Yassine and Yovine, Sergio},
  doi={10.1007/978-3-540-30206-3_15},
  title={Modeling and Verification of a Fault-Tolerant Real-Time Startup Protocol Using Calendar Automata},
  url={http://dx.doi.org/10.1007/978-3-540-30206-3_15},
  publisher={Springer Berlin Heidelberg},
  author={Dutertre, Bruno and Sorea, Maria},
  pages={199-214},
  language={English}
}

@incollection{Rushby-2012,
  year={2012},
  isbn={978-3-642-33295-1},
  booktitle={Formal Methods: Foundations and Applications},
  volume={7498},
  series={Lecture Notes in Computer Science},
  editor={Gheyi, Rohit and Naumann, David},
  doi={10.1007/978-3-642-33296-8_1},
  title={The Versatile Synchronous Observer},
  url={http://dx.doi.org/10.1007/978-3-642-33296-8_1},
  publisher={Springer Berlin Heidelberg},
  author={Rushby, John},
  pages={1-1},
  language={English}
}

@article{Lamport-OM,
 author = {Lamport, Leslie and Shostak, Robert and Pease, Marshall},
 title = {The Byzantine Generals Problem},
 journal = {ACM Trans. Program. Lang. Syst.},
 issue_date = {July 1982},
 volume = {4},
 number = {3},
 month = jul,
 year = {1982},
 issn = {0164-0925},
 pages = {382--401},
 numpages = {20},
 url = {http://doi.acm.org/10.1145/357172.357176},
 doi = {10.1145/357172.357176},
 acmid = {357176},
 publisher = {ACM},
 address = {New York, NY, USA},
} 

@techreport{Rushby-OM1,
        Author= {John Rushby},
        Title= {{SAL} Tutorial: Analyzing the Fault-Tolerant Algorithm {OM(1)}},
        TYPE = {CSL Technical Note},
        Institution= {Computer Science Laboratory, SRI International},
        Address= {Menlo Park, CA},
        Month= apr,
        Year= 2004,
    NOTE = {Available at \url{http://www.csl.sri.com/users/rushby/abstracts/om1}}
}

@inproceedings{pearce2013practical,
  title={A Practical Approach For Modelling Submarine Subsystem Architecture In SysML},
  author={Pearce, Paul and Friedenthal, Sanford},
  booktitle={Proceedings from the 2nd Submarine Institute of Australia (SIA) Submarine Science, Technology and Engineering Conference},
  pages={347--360},
  year={2013}
}

@inproceedings{paredis20105,
  title={5.5. 1 An Overview of the SysML-Modelica Transformation Specification},
  author={Paredis, Christiaan JJ and Bernard, Yves and Burkhart, Roger M and Koning, Hans-Peter and Friedenthal, Sanford and Fritzson, Peter and Rouquette, Nicolas F and Schamai, Wladimir},
  booktitle={INCOSE International Symposium},
  volume={20},
  pages={709--722},
  year={2010},
  organization={Wiley Online Library}
}

@inproceedings{verries2013case,
  title={Case Study On SYSML and VHDL-AMS for Designing and Validating Systems},
  author={Verries, J and Sahraoui, A},
  booktitle={Proceedings of the World Congress on Engineering and Computer Science},
  volume={1},
  year={2013}
}

@incollection{behjati2011extending,
  title={Extending SysML with AADL concepts for comprehensive system architecture modeling},
  author={Behjati, Razieh and Yue, Tao and Nejati, Shiva and Briand, Lionel and Selic, Bran},
  booktitle={Modelling Foundations and Applications},
  pages={236--252},
  year={2011},
  publisher={Springer}
}

@incollection{cofer2012compositional,
  title={Compositional verification of architectural models},
  author={Cofer, Darren and Gacek, Andrew and Miller, Steven and Whalen, Michael W and LaValley, Brian and Sha, Lui},
  booktitle={NASA Formal Methods},
  pages={126--140},
  year={2012},
  publisher={Springer}
}

@inproceedings{blouin2011defining,
  title={Defining an annex language to the architecture analysis and design
  language for requirements engineering activities support},
  author={Blouin, Dominique and Senn, Eric and Turki, Skander},
  booktitle={Model-Driven Requirements Engineering Workshop (MoDRE), 2011},
  pages={11--20},
  year={2011},
  organization={IEEE}
}

@article{papadopoulos2011engineering,
  title={Engineering failure analysis and design optimisation with HiP-HOPS},
  author={Papadopoulos, Yiannis and Walker, Martin and Parker, David and R{\"u}de, Erich and Hamann, Rainer and Uhlig, Andreas and Gr{\"a}tz, Uwe and Lien, Rune},
  journal={Engineering Failure Analysis},
  volume={18},
  number={2},
  pages={590--608},
  year={2011},
  publisher={Elsevier}
}

@article{basu2011rigorous,
  title={Rigorous component-based system design using the BIP framework},
  author={Basu, Ananda and Bensalem, Saddek and Bozga, Marius and Combaz, Jacques and Jaber, Mohamad and Nguyen, Thanh-Hung and Sifakis, Joseph},
  journal={IEEE software},
  volume={28},
  number={EPFL-ARTICLE-170496},
  pages={41--48},
  year={2011},
  publisher={Institute of Electrical and Electronics Engineers}
}

@inproceedings{gacek2014resolute,
  title={Resolute: an assurance case language for architecture models},
  author={Gacek, Andrew and Backes, John and Cofer, Darren and Slind, Konrad and Whalen, Mike},
  booktitle={Proceedings of the 2014 ACM SIGAda annual conference on High integrity language technology},
  pages={19--28},
  year={2014},
  organization={ACM}
}

@inproceedings{li2014radl,
  title={Design and Verification of Multi-Rate Distributed Systems},
  author={Li, Wenchao and Gerard Leonard and Shankar, Natarajan},
  booktitle={Proceedings of the 2015 MEMCODE },
  year={2015},
  organization={MEMCODE}
}

@inproceedings{binns2001formalizing,
  title={Formalizing software architectures for embedded systems},
  author={Binns, Pam and Vestal, Steve},
  booktitle={Embedded Software},
  pages={451--468},
  year={2001},
  organization={Springer}
}

@misc{dmils,
  key = {dmils},
  author =    {},
  title =     {Distributed {MILS} for Dependable Information and Communication Infrastuctures},
  note = {\url{http://www.d-mils.org}},
}


@techreport{a320ibiza,
  Title= {Failure of braking, Accident occurred on 21 May 1998 to Aircraft Airbus A-320-212 Registration G-UKLL At Ibiza Airport, Balearic Islands},
	author = {CIAIAC},
	year = {2006},
  Institution= {Civil Aviation Accident and Incident Investigation Commission (CIAIAC),},
  Address= {Spain},
  NOTE = {Available at \url{http://www.fss.aero/accident-reports/dvdfiles/ES/1998-05-21-ES.pdf}}
    }
}

@inproceedings{ivy,
  author    = {Oded Padon and
               Kenneth L. McMillan and
               Aurojit Panda and
               Mooly Sagiv and
               Sharon Shoham},
  title     = {{Ivy}: safety verification by interactive generalization},
  booktitle = {Proceedings of the 37th {ACM} {SIGPLAN} Conference on Programming
               Language Design and Implementation, {PLDI} 2016, Santa Barbara, CA,
               USA, June 13-17, 2016},
  pages     = {614--630},
  year      = {2016}
}

@INPROCEEDINGS{Lincoln-Rushby,
    author = {Patrick Lincoln and John Rushby},
    title = {A formally verified algorithm for interactive consistency under a hybrid fault model},
    booktitle = {In Fault Tolerant Computing Symposium 23},
    year = {1993},
    pages = {402--411},
    publisher = {IEEE Computer Society}
}

@INPROCEEDINGS{Sabry-Felleisen,
    author = {Amr Sabry and Matthias Felleisen},
    title = {Reasoning about Programs in Continuation-Passing Style},
    booktitle = {Proceedings of the 1992 ACM Conference on LISP and Functional
                 Programming},
    year = {1992}
}
