@FOOTNOTE{Note1,key="Note1",note="Atom documentation can be found at \protect \url  {http://hackage.haskell.org/package/atom}."}
@FOOTNOTE{Note2,key="Note2",note="Much of the description in this subsection is adapted from a conference paper~\cite {}."}
@FOOTNOTE{Note3,key="Note3",note="There are exceptions; for example, benign faults may be detected by a node itself (e.g., in a built-in-test)."}
@FOOTNOTE{Note4,key="Note4",note="Given that the command and monitor lanes are configured to be a fault-set, best practice would have implemented ingress agreement logic to prevent a fault external to the pair from disrupting the paired agreement."}
